<?xml version="1.0" encoding="UTF-8"?><collection xmlns="http://www.loc.gov/MARC21/slim"><record><leader>00541nam--2200193-i-4500</leader><controlfield tag="001">000020259</controlfield><controlfield tag="002">20161230</controlfield><controlfield tag="005">20170108225628</controlfield><controlfield tag="008">060222s1000------------r-----000-0-eng-d</controlfield><datafield ind1=" " ind2=" " tag="040"><subfield code="a">IFIN-HH</subfield></datafield><datafield ind1=" " ind2=" " tag="080"><subfield code="a">537.311.37</subfield></datafield><datafield ind1="1" ind2=" " tag="100"><subfield code="a">Emeleus, K. G</subfield></datafield><datafield ind1="1" ind2="0" tag="245"><subfield code="a">The conduction of electricity trough gases</subfield><subfield code="c">K.G. Emeleus</subfield></datafield><datafield ind1=" " ind2=" " tag="250"><subfield code="a">Third Edition, Revised</subfield></datafield><datafield ind1=" " ind2=" " tag="260"><subfield code="a">London</subfield><subfield code="b">Methuen &amp; Co. Ltd</subfield><subfield code="c">1951</subfield></datafield><datafield ind1=" " ind2=" " tag="300"><subfield code="a">X + 99 p</subfield></datafield><datafield ind1=" " ind2=" " tag="490"><subfield code="a">Methuen'S Monographs On Physical Subjects</subfield></datafield><datafield ind1=" " ind2=" " tag="852"><subfield code="a">76405</subfield><subfield code="c">537.52</subfield></datafield><datafield ind1=" " ind2=" " tag="CAT"><subfield code="a">SYS</subfield><subfield code="c">20170108</subfield><subfield code="h">225628</subfield></datafield></record></collection>